%YAML 1.1
%TAG !u! tag:unity3d.com,2011:
--- !u!54 &5342482810540779138
Rigidbody:
  m_ObjectHideFlags: 0
  m_CorrespondingSourceObject: {fileID: 0}
  m_PrefabInstance: {fileID: 0}
  m_PrefabAsset: {fileID: 0}
  m_GameObject: {fileID: 5108531266353864284}
  serializedVersion: 2
  m_Mass: 1
  m_Drag: 0
  m_AngularDrag: 0.05
  m_UseGravity: 1
  m_IsKinematic: 0
  m_Interpolate: 1
  m_Constraints: 112
  m_CollisionDetection: 0
--- !u!136 &5342482810540779143
CapsuleCollider:
  m_ObjectHideFlags: 0
  m_CorrespondingSourceObject: {fileID: 0}
  m_PrefabInstance: {fileID: 0}
  m_PrefabAsset: {fileID: 0}
  m_GameObject: {fileID: 5108531266353864284}
  m_Material: {fileID: 0}
  m_IsTrigger: 0
  m_Enabled: 1
  m_Radius: 0.24
  m_Height: 1.96
  m_Direction: 1
  m_Center: {x: 0, y: 0.84, z: 0}
--- !u!114 &5342482810540779139
MonoBehaviour:
  m_ObjectHideFlags: 0
  m_CorrespondingSourceObject: {fileID: 0}
  m_PrefabInstance: {fileID: 0}
  m_PrefabAsset: {fileID: 0}
  m_GameObject: {fileID: 5108531266353864284}
  m_Enabled: 1
  m_EditorHideFlags: 0
  m_Script: {fileID: 11500000, guid: abe55e775110a30479045f169c673a1a, type: 3}
  m_Name: 
  m_EditorClassIdentifier: 
--- !u!114 &5342482810540779140
MonoBehaviour:
  m_ObjectHideFlags: 0
  m_CorrespondingSourceObject: {fileID: 0}
  m_PrefabInstance: {fileID: 0}
  m_PrefabAsset: {fileID: 0}
  m_GameObject: {fileID: 5108531266353864284}
  m_Enabled: 1
  m_EditorHideFlags: 0
  m_Script: {fileID: 11500000, guid: 0e1d5867ecc88d84098ad0f364c27d55, type: 3}
  m_Name: 
  m_EditorClassIdentifier: 
  movementInput: {x: 0, y: 0}
  cameraInput: {x: 0, y: 0}
  CameraInputX: 0
  CameraInputY: 0
  verticalInput: 0
  horizontalInput: 0
--- !u!114 &5342482810540779141
MonoBehaviour:
  m_ObjectHideFlags: 0
  m_CorrespondingSourceObject: {fileID: 0}
  m_PrefabInstance: {fileID: 0}
  m_PrefabAsset: {fileID: 0}
  m_GameObject: {fileID: 5108531266353864284}
  m_Enabled: 1
  m_EditorHideFlags: 0
  m_Script: {fileID: 11500000, guid: 553254f906bb0274da864c4e2906447d, type: 3}
  m_Name: 
  m_EditorClassIdentifier: 
  movementSpeed: 7
  rotationSpeed: 15
--- !u!114 &5342482810540779142
MonoBehaviour:
  m_ObjectHideFlags: 0
  m_CorrespondingSourceObject: {fileID: 0}
  m_PrefabInstance: {fileID: 0}
  m_PrefabAsset: {fileID: 0}
  m_GameObject: {fileID: 5108531266353864284}
  m_Enabled: 1
  m_EditorHideFlags: 0
  m_Script: {fileID: 11500000, guid: 7a709a788ad88eb4fa29b2798a4c40a6, type: 3}
  m_Name: 
  m_EditorClassIdentifier: 
--- !u!1 &5342482808494146956
GameObject:
  m_ObjectHideFlags: 0
  m_CorrespondingSourceObject: {fileID: 0}
  m_PrefabInstance: {fileID: 0}
  m_PrefabAsset: {fileID: 0}
  serializedVersion: 6
  m_Component:
  - component: {fileID: 5342482808494146955}
  m_Layer: 0
  m_Name: GFX
  m_TagString: Untagged
  m_Icon: {fileID: 0}
  m_NavMeshLayer: 0
  m_StaticEditorFlags: 0
  m_IsActive: 1
--- !u!4 &5342482808494146955
Transform:
  m_ObjectHideFlags: 0
  m_CorrespondingSourceObject: {fileID: 0}
  m_PrefabInstance: {fileID: 0}
  m_PrefabAsset: {fileID: 0}
  m_GameObject: {fileID: 5342482808494146956}
  m_LocalRotation: {x: 0, y: 0, z: 0, w: 1}
  m_LocalPosition: {x: 0, y: 0, z: 0}
  m_LocalScale: {x: 1, y: 1, z: 1}
  m_Children:
  - {fileID: 5597682632378795238}
  m_Father: {fileID: 5342482808698799880}
  m_RootOrder: 0
  m_LocalEulerAnglesHint: {x: 0, y: 0, z: 0}
--- !u!1 &5342482808698799881
GameObject:
  m_ObjectHideFlags: 0
  m_CorrespondingSourceObject: {fileID: 0}
  m_PrefabInstance: {fileID: 0}
  m_PrefabAsset: {fileID: 0}
  serializedVersion: 6
  m_Component:
  - component: {fileID: 5342482808698799880}
  m_Layer: 0
  m_Name: Player
  m_TagString: Untagged
  m_Icon: {fileID: 0}
  m_NavMeshLayer: 0
  m_StaticEditorFlags: 0
  m_IsActive: 1
--- !u!4 &5342482808698799880
Transform:
  m_ObjectHideFlags: 0
  m_CorrespondingSourceObject: {fileID: 0}
  m_PrefabInstance: {fileID: 0}
  m_PrefabAsset: {fileID: 0}
  m_GameObject: {fileID: 5342482808698799881}
  m_LocalRotation: {x: 0, y: 0, z: 0, w: 1}
  m_LocalPosition: {x: -31.6, y: 0, z: 0}
  m_LocalScale: {x: 1, y: 1, z: 1}
  m_Children:
  - {fileID: 5342482808494146955}
  m_Father: {fileID: 0}
  m_RootOrder: 0
  m_LocalEulerAnglesHint: {x: 0, y: 0, z: 0}
--- !u!1 &5342482809500413292
GameObject:
  m_ObjectHideFlags: 0
  m_CorrespondingSourceObject: {fileID: 0}
  m_PrefabInstance: {fileID: 0}
  m_PrefabAsset: {fileID: 0}
  serializedVersion: 6
  m_Component:
  - component: {fileID: 5342482809500413291}
  - component: {fileID: 5342482809500413290}
  m_Layer: 0
  m_Name: Gun
  m_TagString: Untagged
  m_Icon: {fileID: 0}
  m_NavMeshLayer: 0
  m_StaticEditorFlags: 0
  m_IsActive: 0
--- !u!4 &5342482809500413291
Transform:
  m_ObjectHideFlags: 0
  m_CorrespondingSourceObject: {fileID: 0}
  m_PrefabInstance: {fileID: 0}
  m_PrefabAsset: {fileID: 0}
  m_GameObject: {fileID: 5342482809500413292}
  m_LocalRotation: {x: 0, y: 0, z: 0, w: 1}
  m_LocalPosition: {x: 0.793, y: 1.344, z: 0}
  m_LocalScale: {x: 1, y: 1, z: 1}
  m_Children: []
  m_Father: {fileID: 5597682632378795238}
  m_RootOrder: 15
  m_LocalEulerAnglesHint: {x: 0, y: 0, z: 0}
--- !u!114 &5342482809500413290
MonoBehaviour:
  m_ObjectHideFlags: 0
  m_CorrespondingSourceObject: {fileID: 0}
  m_PrefabInstance: {fileID: 0}
  m_PrefabAsset: {fileID: 0}
  m_GameObject: {fileID: 5342482809500413292}
  m_Enabled: 1
  m_EditorHideFlags: 0
  m_Script: {fileID: 11500000, guid: b6a34e0ee8756ae44a88e2515778b6c6, type: 3}
  m_Name: 
  m_EditorClassIdentifier: 
  bullet: {fileID: 1452420734916763694, guid: 2801538cf50b388438f0cdc9c320e1d4, type: 3}
  cam: {fileID: 0}
  bulletTime: {fileID: 0}
  crosshair: {fileID: 0}
  FirePoint: {fileID: 5342482809500413291}
  destination: {x: 0, y: 0, z: 0}
  offset: {x: 0, y: 0, z: 0}
  smoothSpeed: 0.125
  bulletRottationSpeed: 50
  bulletSpeed: 50
  bulletDeathTimer: 5
  bulletAccelerationPointSpeed: 20
--- !u!1 &5342482810577616879
GameObject:
  m_ObjectHideFlags: 0
  m_CorrespondingSourceObject: {fileID: 0}
  m_PrefabInstance: {fileID: 0}
  m_PrefabAsset: {fileID: 0}
  serializedVersion: 6
  m_Component:
  - component: {fileID: 5342482810577616878}
  - component: {fileID: 5342482810577616877}
  m_Layer: 0
  m_Name: TriggerPointer
  m_TagString: Untagged
  m_Icon: {fileID: 0}
  m_NavMeshLayer: 0
  m_StaticEditorFlags: 0
  m_IsActive: 1
--- !u!4 &5342482810577616878
Transform:
  m_ObjectHideFlags: 0
  m_CorrespondingSourceObject: {fileID: 0}
  m_PrefabInstance: {fileID: 0}
  m_PrefabAsset: {fileID: 0}
  m_GameObject: {fileID: 5342482810577616879}
  m_LocalRotation: {x: -0.000000021855694, y: -0, z: -0, w: 1}
  m_LocalPosition: {x: 0, y: 1.0020086, z: -8.267416}
  m_LocalScale: {x: 1, y: 1, z: 1}
  m_Children: []
  m_Father: {fileID: 2369472377395753439}
  m_RootOrder: 0
  m_LocalEulerAnglesHint: {x: 0, y: 0, z: 0}
--- !u!114 &5342482810577616877
MonoBehaviour:
  m_ObjectHideFlags: 0
  m_CorrespondingSourceObject: {fileID: 0}
  m_PrefabInstance: {fileID: 0}
  m_PrefabAsset: {fileID: 0}
  m_GameObject: {fileID: 5342482810577616879}
  m_Enabled: 1
  m_EditorHideFlags: 0
  m_Script: {fileID: 11500000, guid: b6a34e0ee8756ae44a88e2515778b6c6, type: 3}
  m_Name: 
  m_EditorClassIdentifier: 
  bullet: {fileID: 7330565844478744140, guid: 43e658309c0da644b948dc27ef344f69, type: 3}
  cam: {fileID: 0}
  bulletTime: {fileID: 974149253932234677, guid: 6d89db95aefe0594ba1d446cd57a4988, type: 3}
  crosshair: {fileID: 0}
  FirePoint: {fileID: 5342482810577616878}
  destination: {x: 0, y: 0, z: 0}
  offset: {x: 0, y: 0, z: 0}
  smoothSpeed: 0.125
  bulletRottationSpeed: 50
  bulletSpeed: 100
  bulletDeathTimer: 5
  bulletAccelerationPointSpeed: 20
--- !u!1001 &2658236768373236653
PrefabInstance:
  m_ObjectHideFlags: 0
  serializedVersion: 2
  m_Modification:
    m_TransformParent: {fileID: 5597682632378795238}
    m_Modifications:
    - target: {fileID: 5246460400842784701, guid: 5b72b093dc4d9564190e30041e57ed4e, type: 3}
      propertyPath: m_LocalPosition.y
      value: 0.41
      objectReference: {fileID: 0}
    - target: {fileID: 5246460401894737165, guid: 5b72b093dc4d9564190e30041e57ed4e, type: 3}
      propertyPath: m_Name
      value: ShootieShootie
      objectReference: {fileID: 0}
    - target: {fileID: 5246460401894737167, guid: 5b72b093dc4d9564190e30041e57ed4e, type: 3}
      propertyPath: m_RootOrder
      value: 14
      objectReference: {fileID: 0}
    - target: {fileID: 5246460401894737167, guid: 5b72b093dc4d9564190e30041e57ed4e, type: 3}
      propertyPath: m_LocalPosition.x
      value: 0
      objectReference: {fileID: 0}
    - target: {fileID: 5246460401894737167, guid: 5b72b093dc4d9564190e30041e57ed4e, type: 3}
      propertyPath: m_LocalPosition.y
      value: 1.25
      objectReference: {fileID: 0}
    - target: {fileID: 5246460401894737167, guid: 5b72b093dc4d9564190e30041e57ed4e, type: 3}
      propertyPath: m_LocalPosition.z
      value: 0
      objectReference: {fileID: 0}
    - target: {fileID: 5246460401894737167, guid: 5b72b093dc4d9564190e30041e57ed4e, type: 3}
      propertyPath: m_LocalRotation.w
      value: 1
      objectReference: {fileID: 0}
    - target: {fileID: 5246460401894737167, guid: 5b72b093dc4d9564190e30041e57ed4e, type: 3}
      propertyPath: m_LocalRotation.x
      value: 0
      objectReference: {fileID: 0}
    - target: {fileID: 5246460401894737167, guid: 5b72b093dc4d9564190e30041e57ed4e, type: 3}
      propertyPath: m_LocalRotation.y
      value: 0
      objectReference: {fileID: 0}
    - target: {fileID: 5246460401894737167, guid: 5b72b093dc4d9564190e30041e57ed4e, type: 3}
      propertyPath: m_LocalRotation.z
      value: 0
      objectReference: {fileID: 0}
    - target: {fileID: 5246460401894737167, guid: 5b72b093dc4d9564190e30041e57ed4e, type: 3}
      propertyPath: m_LocalEulerAnglesHint.x
      value: 0
      objectReference: {fileID: 0}
    - target: {fileID: 5246460401894737167, guid: 5b72b093dc4d9564190e30041e57ed4e, type: 3}
      propertyPath: m_LocalEulerAnglesHint.y
      value: 0
      objectReference: {fileID: 0}
    - target: {fileID: 5246460401894737167, guid: 5b72b093dc4d9564190e30041e57ed4e, type: 3}
      propertyPath: m_LocalEulerAnglesHint.z
      value: 0
      objectReference: {fileID: 0}
    m_RemovedComponents: []
  m_SourcePrefab: {fileID: 100100000, guid: 5b72b093dc4d9564190e30041e57ed4e, type: 3}
--- !u!1001 &5342482809434055437
PrefabInstance:
  m_ObjectHideFlags: 0
  serializedVersion: 2
  m_Modification:
    m_TransformParent: {fileID: 5342482808494146955}
    m_Modifications:
    - target: {fileID: -8679921383154817045, guid: 99ac548112e81fa4d973027161176d62, type: 3}
      propertyPath: m_RootOrder
      value: 0
      objectReference: {fileID: 0}
    - target: {fileID: -8679921383154817045, guid: 99ac548112e81fa4d973027161176d62, type: 3}
      propertyPath: m_LocalPosition.x
      value: 0
      objectReference: {fileID: 0}
    - target: {fileID: -8679921383154817045, guid: 99ac548112e81fa4d973027161176d62, type: 3}
      propertyPath: m_LocalPosition.y
      value: -1
      objectReference: {fileID: 0}
    - target: {fileID: -8679921383154817045, guid: 99ac548112e81fa4d973027161176d62, type: 3}
      propertyPath: m_LocalPosition.z
      value: 8.269425
      objectReference: {fileID: 0}
    - target: {fileID: -8679921383154817045, guid: 99ac548112e81fa4d973027161176d62, type: 3}
      propertyPath: m_LocalRotation.w
      value: 1
      objectReference: {fileID: 0}
    - target: {fileID: -8679921383154817045, guid: 99ac548112e81fa4d973027161176d62, type: 3}
      propertyPath: m_LocalRotation.x
      value: -0
      objectReference: {fileID: 0}
    - target: {fileID: -8679921383154817045, guid: 99ac548112e81fa4d973027161176d62, type: 3}
      propertyPath: m_LocalRotation.y
      value: -0
      objectReference: {fileID: 0}
    - target: {fileID: -8679921383154817045, guid: 99ac548112e81fa4d973027161176d62, type: 3}
      propertyPath: m_LocalRotation.z
      value: -0
      objectReference: {fileID: 0}
    - target: {fileID: -8679921383154817045, guid: 99ac548112e81fa4d973027161176d62, type: 3}
      propertyPath: m_LocalEulerAnglesHint.x
      value: 0
      objectReference: {fileID: 0}
    - target: {fileID: -8679921383154817045, guid: 99ac548112e81fa4d973027161176d62, type: 3}
      propertyPath: m_LocalEulerAnglesHint.y
      value: 0
      objectReference: {fileID: 0}
    - target: {fileID: -8679921383154817045, guid: 99ac548112e81fa4d973027161176d62, type: 3}
      propertyPath: m_LocalEulerAnglesHint.z
      value: 0
      objectReference: {fileID: 0}
    - target: {fileID: 919132149155446097, guid: 99ac548112e81fa4d973027161176d62, type: 3}
      propertyPath: m_Name
      value: LowPolyMan (1)
      objectReference: {fileID: 0}
    - target: {fileID: 919132149155446097, guid: 99ac548112e81fa4d973027161176d62, type: 3}
      propertyPath: m_TagString
      value: Player
      objectReference: {fileID: 0}
    - target: {fileID: 5866666021909216657, guid: 99ac548112e81fa4d973027161176d62, type: 3}
      propertyPath: m_Controller
      value: 
      objectReference: {fileID: 9100000, guid: be0c04b59dc88db48bbe5258456258b0, type: 2}
    m_RemovedComponents: []
  m_SourcePrefab: {fileID: 100100000, guid: 99ac548112e81fa4d973027161176d62, type: 3}
--- !u!1 &5108531266353864284 stripped
GameObject:
  m_CorrespondingSourceObject: {fileID: 919132149155446097, guid: 99ac548112e81fa4d973027161176d62, type: 3}
  m_PrefabInstance: {fileID: 5342482809434055437}
  m_PrefabAsset: {fileID: 0}
--- !u!4 &5597682632378795238 stripped
Transform:
  m_CorrespondingSourceObject: {fileID: -8679921383154817045, guid: 99ac548112e81fa4d973027161176d62, type: 3}
  m_PrefabInstance: {fileID: 5342482809434055437}
  m_PrefabAsset: {fileID: 0}
--- !u!4 &2369472377395753439 stripped
Transform:
  m_CorrespondingSourceObject: {fileID: -1529463153523125550, guid: 99ac548112e81fa4d973027161176d62, type: 3}
  m_PrefabInstance: {fileID: 5342482809434055437}
  m_PrefabAsset: {fileID: 0}
